<?xml version="1.0" encoding="UTF-8"?><collection xmlns="http://www.loc.gov/MARC21/slim"><record><leader>00548nam--2200193-u-4500</leader><controlfield tag="001">000053921</controlfield><controlfield tag="002">20161230</controlfield><controlfield tag="005">20161230201051</controlfield><controlfield tag="008">110707s1000------------r-----000-0-rus-d</controlfield><datafield ind1=" " ind2=" " tag="040"><subfield code="a">IFIN-HH</subfield></datafield><datafield ind1=" " ind2=" " tag="041"><subfield code="a">rus</subfield></datafield><datafield ind1=" " ind2=" " tag="080"><subfield code="a">537.226.86</subfield></datafield><datafield ind1="1" ind2=" " tag="100"><subfield code="a">Kuliev, Yu.N</subfield></datafield><datafield ind1="1" ind2="0" tag="245"><subfield code="a">Osnovi kolebanii odnosloinih i mnogosloinih piezokeramiceskih preobrazovatelei</subfield><subfield code="c">Yu.n. kuliev; f.g. maksudov; v.d. gadjiev; p.e. motin</subfield></datafield><datafield ind1=" " ind2=" " tag="260"><subfield code="a">Baku</subfield><subfield code="b">Elm</subfield><subfield code="c">1982</subfield></datafield><datafield ind1=" " ind2=" " tag="300"><subfield code="a">363P</subfield></datafield><datafield ind1="1" ind2=" " tag="700"><subfield code="a">Motin, P.E</subfield></datafield><datafield ind1=" " ind2=" " tag="852"><subfield code="a">71652</subfield><subfield code="c">537.226</subfield></datafield><datafield ind1=" " ind2=" " tag="CAT"><subfield code="a">Sys</subfield><subfield code="c">20110707</subfield><subfield code="h">110205</subfield></datafield></record></collection>